@book{blyth2006information,
  title={Information Assurance: Security in the Information Environment},
  author={Blyth, A. and Kovacich, G.L.},
  isbn={9781846282669},
  lccn={2005935460},
  series={Computer Communications and Networks},
  url={https://books.google.co.uk/books?id=UXZW7OrLmc4C},
  year={2006},
  publisher={Springer}
}

@book{solomon2007corporate,
  title={Corporate Governance and Accountability},
  author={Solomon, J.},
  isbn={9780470034514},
  lccn={2006028455},
  url={https://books.google.co.uk/books?id=YX1z-\_juq-4C},
  year={2007},
  publisher={Wiley}
}

@book{kim2010fundamentals,
  title={Fundamentals of Information Systems Security},
  author={Kim, D. and Solomon, M.G.},
  isbn={9781449671648},
  url={https://books.google.co.uk/books?id=fIZiS6bGifAC},
  year={2010},
  publisher={Jones \& Bartlett Learning}
}

@book{wheeler2011security,
  title={Security Risk Management: Building an Information Security Risk Management Program from the Ground Up},
  author={Wheeler, E.},
  isbn={9781597496162},
  lccn={2011013125},
  url={https://books.google.co.uk/books?id=cW1ytnWjObYC},
  year={2011},
  publisher={Elsevier Science}
}

@book{cascarino2012auditor,
  title={Auditor's Guide to IT Auditing},
  author={Cascarino, R.E.},
  isbn={9781118239070},
  lccn={2011042683},
  series={Wiley Corporate F\&A},
  url={https://books.google.co.uk/books?id=y7PjGFsX\_s8C},
  year={2012},
  publisher={Wiley}
}

@book{andrew2012chambers,
  title={Chambersâ€™ Corporate Governance Handbook},
  author={Andrew Chambers},
  isbn={9781847668783},
  lccn={2012471229},
  series={Directors handbook series},
  url={https://books.google.co.uk/books?id=JfvLc4VoPOQC},
  year={2012},
  publisher={Bloomsbury Publishing}
}

@book{tricker2012corporate,
  title={Corporate Governance: Principles, Policies and Practices},
  author={Tricker, B. and Tricker, R.I.},
  isbn={9780199607969},
  lccn={2012933759},
  url={https://books.google.co.uk/books?id=MamU3RJ1fqcC},
  year={2012},
  publisher={OUP Oxford}
}

@book{alexander2013information,
  title={Information Security Management Principles},
  author={Alexander, D. and Taylor, A. and Finch, A. and Sutton, D.},
  isbn={9781780171753},
  lccn={2013456504},
  url={https://books.google.co.uk/books?id=pODCkwEACAAJ},
  year={2013},
  publisher={BCS Learning \& Development Limited}
}

@book{jalilvand2013risk,
  title={Risk Management and Corporate Governance},
  author={Jalilvand, A. and Malliaris, T.},
  isbn={9781136644900},
  series={Routledge Advances in Management and Business Studies},
  url={https://books.google.co.uk/books?id=94pk8B6II2YC},
  year={2013},
  publisher={Taylor \& Francis}
}

@book{smallwood2014information,
  title={Information Governance: Concepts, Strategies, and Best Practices},
  author={Smallwood, R.F.},
  isbn={9781118421017},
  lccn={2013045072},
  series={Wiley CIO},
  url={https://books.google.co.uk/books?id=m5U6AwAAQBAJ},
  year={2014},
  publisher={Wiley}
}
