@STRING{hh = {Hans Hagen}}

@ARTICLE{hh2010a,
  author = hh,
  title = {The Font Name Mess},
  journal = {MAPS},
  year = {2010},
  volume = {40},
  pages = {2-8},
  keywords = {context},
}

@ARTICLE{hh2010b,
  author = hh,
  title = {Grouping in Hybrid Environments},
  journal = {MAPS},
  year = {2010},
  volume = {40},
  pages = {67-71},
  keywords = {context},
}

@BOOK{Eijkhout1991,
  title = {\TeX\ by Topic. A \TeX nician's Reference},
  publisher = {Addison-Wesley},
  year = {1991},
  author = {Victor Eijkhout},
  address = {London},
  keywords = {general},
}
