@book{black1999doing,
 title={Doing Quantitative Research in the Social Sciences: An Integrated Approach to Research Design, Measurement and Statistics},
 author={Black, T.R.},
 isbn={9781446223635},
 url={https://books.google.com/books?id=jfHxU\_riavYC},
 year={1999},
 publisher={SAGE Publications}
}

@book{bryman1994quantitative,
 title={Quantitative Data Analysis for Social Scientists},
 author={Bryman, A. and Cramer, D.},
 isbn={9780415113076},
 lccn={89027683},
 url={https://books.google.com/books?id=QXUFnAEACAAJ},
 year={1994},
 publisher={Routledge, Chapman \& Hall, Incorporated}
}

@book{chapman2007project,
 title={Project Risk Management: Processes, Techniques and Insights},
 author={Chapman, C. and Ward, S.},
 isbn={9780470299876},
 url={https://books.google.com/books?id=m8JGyqbnWucC},
 year={2007},
 publisher={Wiley}
}

@book{cryer2000research,
 title={The research student's guide to success},
 author={Cryer, P.},
 isbn={9780335206865},
 lccn={00037514},
 url={https://books.google.com/books?id=vSwlAQAAIAAJ},
 year={2000},
 publisher={Open University Press}
}

@book{gill2010research,
 title={Research Methods for Managers},
 author={Gill, J. and Johnson, P.},
 isbn={9781446244791},
 url={https://books.google.com/books?id=R4Q3u54hWEoC},
 year={2010},
 publisher={SAGE Publications}
}

@book{gomm2000case,
 title={Case Study Method: Key Issues, Key Texts},
 author={Gomm, R. and Hammersley, M. and Foster, P.},
 isbn={9780761964131},
 lccn={00711344},
 url={https://books.google.com/books?id=zeXZSLHZAM0C},
 year={2000},
 publisher={SAGE Publications}
}

@book{gray2013doing,
 title={Doing Research in the Real World},
 author={Gray, D.E.},
 isbn={9781446296172},
 url={https://books.google.com/books?id=N\_WGAwAAQBAJ},
 year={2013},
 publisher={SAGE Publications}
}

@book{hart1998doing,
 title={Doing a Literature Review: Releasing the Social Science Research Imagination},
 author={Hart, C.},
 isbn={9780761959755},
 lccn={98061375},
 series={Open university set book},
 url={https://books.google.com/books?id=tc8LS6qa\_KIC},
 year={1998},
 publisher={SAGE Publications}
}

@book{hughes2009software,
 title={Software Project Management},
 author={Hughes, B. and Cotterell, M.},
 isbn={9780077122799},
 url={https://books.google.com/books?id=ogT\_PwAACAAJ},
 year={2009},
 publisher={McGraw-Hill Higher Education}
}

@book{hussey1997business,
 title={Business Research: A Practical Guide for Undergraduate and Postgraduate Students},
 author={Hussey, J. and Hussey, R.},
 isbn={9780333607053},
 series={Macmillan Business},
 url={https://books.google.com/books?id=UVu1QgAACAAJ},
 year={1997},
 publisher={Macmillan Business}
}

@book{jankowicz2000business,
 title={Business Research Projects},
 author={Jankowicz, A.D.},
 isbn={9781861525499},
 url={https://books.google.com/books?id=KRtvQgAACAAJ},
 year={2000},
 publisher={Business Press Thomson Learning}
}

@book{kerzner2000applied,
 title={Applied project management: best practices on implementation},
 author={Kerzner, H.},
 isbn={9780471363521},
 lccn={99015785},
 url={https://books.google.com/books?id=v4IeAQAAIAAJ},
 year={2000},
 publisher={John Wiley \& Sons, Incorporated}
}

@book{lock2013project,
 title={Project Management},
 author={Lock, D.},
 isbn={9781409474760},
 lccn={2012019175},
 series={EBL ebooks online},
 url={https://books.google.com/books?id=PFSQc-yfQrQC},
 year={2013},
 publisher={Ashgate Publishing Limited}
}

@book{oppenheim2000questionnaire,
 title={Questionnaire Design, Interviewing and Attitude Measurement},
 author={Oppenheim, A.N.},
 isbn={9780826451767},
 lccn={92015306},
 url={https://books.google.co.uk/books?id=6V4GnZS7TO4C},
 year={2000},
 publisher={Bloomsbury Academic}
}

@book{maylor2011project,
 title={Project Management},
 author={Maylor, H.},
 isbn={9780273743521},
 url={https://books.google.com/books?id=NZmpBwAAQBAJ},
 year={2011},
 publisher={Pearson Education Limited}
}

@book{meredith2011project,
 title={Project Management: A Managerial Approach},
 author={Meredith, J.R. and Mantel, S.J.},
 isbn={9780470533024},
 lccn={2011292704},
 series={CourseSmart Series},
 url={https://books.google.ca/books?id=xGRtQetWjNsC},
 year={2011},
 publisher={Wiley}
}

@book{nicholas1990managing,
 title={Managing Business and Engineering Projects: Concepts and Implementation},
 author={Nicholas, J.M.},
 isbn={9780135518540},
 lccn={lc89037577},
 url={https://books.google.com/books?id=sR5PAAAAMAAJ},
 year={1990},
 publisher={Prentice Hall}
}

@book{pickard2007research,
 title={Research Methods in Information},
 author={Pickard, A.J.},
 isbn={9781856045452},
 lccn={2007405073},
 series={Facet Publications},
 url={https://books.google.com/books?id=UwLhAAAAMAAJ},
 year={2007},
 publisher={Facet}
}

@book{robson2002real,
 title={Real World Research: A Resource for Social Scientists and Practitioner-Researchers},
 author={Robson, C.},
 isbn={9780631213055},
 lccn={92021782},
 series={Regional Surveys of the World Series},
 url={https://books.google.co.uk/books?id=DkplMcAysFQC},
 year={2002},
 publisher={Wiley}
}

@book{saunders2015research,
 title={Research Methods for Business Students},
 author={Saunders, M.N.K. and Lewis, P. and Thornhill, A.},
 isbn={9781292016641},
 lccn={2015019451},
 url={https://books.google.com/books?id=vUdOCgAAQBAJ},
 year={2015},
 publisher={Pearson Education Limited}
}

@book{schwalbe2008information,
 title={Information Technology Project Management, Reprint},
 author={Schwalbe, K.},
 isbn={9780324665215},
 url={https://books.google.com/books?id=k0h0TOac-FgC},
 year={2008},
 publisher={Cengage Learning}
}

@book{srinagesh2011principles,
 title={The Principles of Experimental Research},
 author={Srinagesh, K.},
 isbn={9780080497815},
 url={https://books.google.com/books?id=DlqXq4ixNbwC},
 year={2011},
 publisher={Elsevier Science}
}

@book{yates2003doing,
 title={Doing Social Science Research},
 author={Yates, S.},
 isbn={9780761967989},
 lccn={2003102948},
 series={Published in association with The Open University},
 url={https://books.google.com/books?id=Ct2Sy4H4HZ8C},
 year={2003},
 publisher={SAGE Publications}
}

@book{yin2013case,
 title={Case Study Research: Design and Methods},
 author={Yin, R.K.},
 isbn={9781483322247},
 url={https://books.google.com/books?id=OgyqBAAAQBAJ},
 year={2013},
 publisher={SAGE Publications}
}

@book{project2013guide,
 title={A Guide to the Project Management Body of Knowledge: PMBOK Guide},
 author={Project Management Institute},
 isbn={9781935589679},
 lccn={2012046112},
 series={PMI Standard},
 url={https://books.google.co.uk/books?id=FpatMQEACAAJ},
 year={2013},
 publisher={Project Management Institute}
}

@article{nc20,
 author={Ariana L Johnson},
 title={Cybersecurity for Financial Institutions: The Integral Role of Information Sharing in Cyber Attack Mitigation},
 journal={North Carolina Banking Institute},
 year=2016,
 pages={277},
 volume=20
}

@article{nc19,
 author={Kristin Shields},
 title={Cybersecurity: Recognizing the Risk and Protecting Against Attacks},
 journal={North Carolina Banking Institute},
 year=2015,
 pages={345},
 volume=19
}
