@book{black1999doing,
 title={Doing Quantitative Research in the Social Sciences: An Integrated Approach to Research Design, Measurement and Statistics},
 author={Black, T.R.},
 isbn={9781446223635},
 url={https://books.google.com/books?id=jfHxU\_riavYC},
 year={1999},
 publisher={SAGE Publications}
}
