@book{brookfield1991developing,
 title={Developing Critical Thinkers: Challenging Adults to Explore Alternative Ways of Thinking and Acting},
 author={Brookfield, S.D.},
 isbn={9781555423568},
 lccn={87045411},
 url={https://books.google.co.uk/books?id=Uu1APgAACAAJ},
 year={1991},
 publisher={Wiley}
}

@book{mezirow1990fostering,
 title={Fostering critical reflection in adulthood: a guide to transformative and emancipatory learning},
 author={Mezirow, J.},
 isbn={9781555422073},
 lccn={89039667},
 series={Jossey-Bass social and behavioral science series},
 url={https://books.google.co.uk/books?id=EHOdAAAAMAAJ},
 year={1990},
 publisher={Jossey-Bass Publishers}
}

@book{schon1987educating,
 title={Educating the Reflective Practitioner: Toward a New Design for Teaching and Learning in the Professions},
 author={Schon, D.A.},
 isbn={9780470623107},
 lccn={86045626},
 url={https://books.google.co.uk/books?id=qqxsQgAACAAJ},
 year={1987},
 publisher={Wiley}
}
