@book{black1999doing,
 title={Doing Quantitative Research in the Social Sciences: An Integrated Approach to Research Design, Measurement and Statistics},
 author={Black, T.R.},
 isbn={9781446223635},
 url={https://books.google.com/books?id=jfHxU\_riavYC},
 year={1999},
 publisher={SAGE Publications}
}

@book{bryman1994quantitative,
 title={Quantitative Data Analysis for Social Scientists},
 author={Bryman, A. and Cramer, D.},
 isbn={9780415113076},
 lccn={89027683},
 url={https://books.google.com/books?id=QXUFnAEACAAJ},
 year={1994},
 publisher={Routledge, Chapman \& Hall, Incorporated}
}

@book{chapman2007project,
 title={Project Risk Management: Processes, Techniques and Insights},
 author={Chapman, C. and Ward, S.},
 isbn={9780470299876},
 url={https://books.google.com/books?id=m8JGyqbnWucC},
 year={2007},
 publisher={Wiley}
}
