@book{siever2009linux,
  title={Linux in a Nutshell},
  author={Siever, E. and Figgins, S. and Love, R. and Robbins, A.},
  isbn={9781449379209},
  series={Nutshell},
  url={https://books.google.co.uk/books?id=gBG7z8smAcsC},
  year={2009},
  publisher={O'Reilly Media}
}

@book{fall2011tcp,
  title={TCP/IP Illustrated, Volume 1: The Protocols},
  author={Fall, K.R. and Stevens, W.R.},
  isbn={9780132808187},
  series={Addison-Wesley Professional Computing Series},
  url={https://books.google.co.uk/books?id=a23OAn5i8R0C},
  year={2011},
  publisher={Pearson Education}
}
