@article{citeulike:13779694,
 abstract={draft},
 address={Gaithersburg MD},
 author={Nist},
 citeulike-article-id={13779694},
 citeulike-linkout-0={http://bit.ly/1O8zbV8},
 institution={NIST},
 keywords={brooksproposal, cybersecurity, iot, nist},
 month=sep,
 organization={NIST},
 posted-at={2015-09-30 22:30:55},
 priority={0},
 publisher={NIST},
 title={{Framework for Cyber-Physical Systems}},
 url={http://bit.ly/1O8zbV8},
 year={2015}
}

@ARTICLE{Fox03bayesianfiltering,
 author={Dieter Fox and Jeffrey Hightower and Lin Liao and Dirk Schulz and Gaetano Borriello},
 title={Bayesian filtering for location estimation},
 journal={IEEE Pervasive Computing},
 year={2003},
 volume={2},
 pages={24--33}
}

@ARTICLE{7128677,
 author={G. Han and L. Wan and L. Shu and N. Feng},
 journal={IEEE Systems Journal},
 title={Two Novel DOA Estimation Approaches for Real-Time Assistant Calibration Systems in Future Vehicle Industrial},
 year={2015},
 volume={PP},
 number={99},
 pages={1-12},
 keywords={Arrays;Covariance matrices;Direction-of-arrival estimation;Estimation;Frequency modulation;Mutual coupling;Vehicles;Compressive sensing (CS);direction-of-arrival (DOA) estimation;intelligent transportation systems (ITSs);sparse Bayesian learning (SBL)},
 doi={10.1109/JSYST.2015.2434822},
 ISSN={1932-8184},
 month={},
}

@book{dhanjani2015abusing,
 title={Abusing the Internet of Things: Blackouts, Freakouts, and Stakeouts},
 author={Dhanjani, N.},
 isbn={9781491902929},
 url={https://books.google.co.uk/books?id=KMdcCgAAQBAJ},
 year={2015},
 publisher={O'Reilly Media}
}

@book{haug2012bayesian,
 title={Bayesian Estimation and Tracking: A Practical Guide},
 author={Haug, A.J.},
 isbn={9781118287804},
 url={https://books.google.co.uk/books?id=hwmgSbvB9t4C},
 year={2012},
 publisher={Wiley}
}

@book{millard2013cloud,
 title={Cloud Computing Law},
 author={Millard, C.},
 isbn={9780199671670},
 lccn={2013940565},
 url={https://books.google.co.uk/books?id=fLbUMgEACAAJ},
 year={2013},
 publisher={OUP Oxford}
}

@book{suzuki2016cloud,
 title={Cloud-integrated Cyber-Physical Systems},
 author={Suzuki, J. and Boonma, P. and Munehira, T. and Omura, S.},
 isbn={9783319022819},
 series={Internet of Things},
 url={https://books.google.co.uk/books?id=p3VbngEACAAJ},
 year={2016},
 publisher={Springer International Publishing}
}

@book{khanna2016connectography,
 title={Connectography: Mapping the Global Network Revolution},
 author={Khanna, P.},
 isbn={9781474604260},
 url={https://books.google.co.uk/books?id=MrVcCwAAQBAJ},
 year={2016},
 publisher={Orion}
}

@book{2016cyber,
 title={Cyber-Assurance for the Internet of Things},
 author={Tyson, B.},
 isbn={9781119193869},
 url={https://books.google.co.uk/books?id=qUr1sgEACAAJ},
 year={2016},
 publisher={John Wiley \& Sons, Incorporated}
}

@book{loukas2015cyber,
 title={Cyber-Physical Attacks: A Growing Invisible Threat},
 author={Loukas, G.},
 isbn={9780128014639},
 url={https://books.google.co.uk/books?id=\_OicBAAAQBAJ},
 year={2015},
 publisher={Elsevier Science}
}

@book{graham2016cyber,
 title={Cyber Security Essentials},
 author={Graham, J. and Olson, R. and Howard, R.},
 isbn={9781439851265},
 lccn={2010044845},
 url={https://books.google.co.uk/books?id=hu4bJo5v3dsC},
 year={2016},
 publisher={CRC Press}
}

@book{shoemaker2011cybersecurity,
 title={Cybersecurity: The Essential Body Of Knowledge},
 author={Shoemaker, D. and Conklin, W.A.},
 isbn={9781435481695},
 lccn={2011924924},
 url={https://books.google.co.uk/books?id=AqRl1JARvIsC},
 year={2011},
 publisher={Cengage Learning}
}

@book{adams2014data,
 title={Data Analysis for Network Cyber-Security},
 author={Adams, N. and Heard, N.},
 isbn={9781783263769},
 url={https://books.google.co.uk/books?id=s9K3CgAAQBAJ},
 year={2014},
 publisher={World Scientific Publishing Company}
}

@book{dua2016data,
 title={Data Mining and Machine Learning in Cybersecurity},
 author={Dua, S. and Du, X.},
 isbn={9781439839430},
 url={https://books.google.co.uk/books?id=1-FY-U30lUYC},
 year={2016},
 publisher={CRC Press}
}

@book{blowers2015evolution,
 title={Evolution of Cyber Technologies and Operations to 2035},
 author={Blowers, M.},
 isbn={9783319235851},
 series={Advances in Information Security},
 url={https://books.google.co.uk/books?id=NYlNCwAAQBAJ},
 year={2015},
 publisher={Springer International Publishing}
}

@book{perallos2015intelligent,
 title={Intelligent Transport Systems: Technologies and Applications},
 author={Perallos, A. and Hernandez-Jayo, U. and Zuazola, I.G. and Onieva, E. and Zuazola, I.J.G.},
 isbn={9781118894781},
 lccn={2015023984},
 url={https://books.google.co.uk/books?id=93JXCQAAQBAJ},
 year={2015},
 publisher={Wiley}
}

@book{tsai2009machine,
 title={Machine Learning in Cyber Trust: Security, Privacy, and Reliability},
 author={Tsai, J.J.P. and Yu, P.S.},
 isbn={9780387887357},
 url={https://books.google.co.uk/books?id=KqAQNmWtnAUC},
 year={2009},
 publisher={Springer US}
}

@book{kumar2006managing,
 title={Managing Cyber Threats: Issues, Approaches, and Challenges},
 author={Kumar, V. and Srivastava, J. and Lazarevic, A.},
 isbn={9780387242309},
 lccn={2005041303},
 series={Massive Computing},
 url={https://books.google.co.uk/books?id=zTEoHdW9qDQC},
 year={2006},
 publisher={Springer US}
}

@book{song2009optimal,
 title={Optimal Observation for Cyber-physical Systems: A Fisher-information-matrix-based Approach},
 author={Song, Z. and Chen, Y.Q. and Sastry, C.R. and Tas, N.C.},
 isbn={9781848826564},
 lccn={2009929034},
 url={https://books.google.co.uk/books?id=AwzkxNO6HQYC},
 year={2009},
 publisher={Springer London}
}

@book{pathan2015securing,
 title={Securing Cyber-Physical Systems},
 author={Pathan, A.S.K.},
 isbn={9781498700993},
 url={https://books.google.co.uk/books?id=wB6vCgAAQBAJ},
 year={2015},
 publisher={CRC Press}
}

@book{madden2013security,
 title={Security Analysis of a Cyber Physical System: A Car Example},
 author={Madden, J.L.},
 url={https://books.google.co.uk/books?id=mMYZnwEACAAJ},
 year={2013}
}

@book{national2012safety,
 title={The Safety Promise and Challenge of Automotive Electronics: Insights from Unintended Acceleration},
 author={{\relax National Research Council}},
 isbn={9780309223041},
 lccn={2012001092},
 series={Special report (National Research Council (U.S.). Transportation Research Board))},
 url={https://books.google.co.uk/books?id=P1MVBq9P\_R0C},
 year={2012},
 publisher={Transportation Research Board}
}

@book{zhang2012vehicle,
 title={Vehicle Safety Communications: Protocols, Security, and Privacy},
 author={Zhang, T. and Delgrossi, L.},
 isbn={9781118452196},
 lccn={2012029825},
 series={Information and Communication Technology Series,},
 url={https://books.google.co.uk/books?id=bMT2xxjbhB0C},
 year={2012},
 publisher={Wiley}
}
